3107 5359
1319 336 1397 403 21

462 564 542 631 A’a'
627 595 706 642 ας
748 594 966 651 μετανε
1052 569 1318 654 γνώσθη

300 673 390 739 10.
458 683 552 741 Θυ
625 685 750 762 μοῦ
795 678 852 741 τ’
901 678 1111 762 Ἀτρεί
1197 675 1337 754 δαις
1379 678 1679 762 μεγάλων
1723 706 1788 744 τε
1834 682 2102 745 νεικέων.

376 902 502 967 Str.
570 927 630 968 v.
695 902 751 968 1.
838 906 1236 988 Ἀνεπτιίμαν
1295 928 1378 969 ex
1437 906 1821 970 auctoritate
1865 906 2177 970 librorum
2222 902 2450 989 scripsi

288 1038 432 1081 cum
479 1017 837 1082 DindorfiO.
884 1055 970 1067 -
1016 1017 1100 1083 V.
1146 1013 1190 1079 5
1231 1023 1400 1084 θεῶν
1428 1017 1939 1103 monosyllabum
1972 1028 2101 1096 est,
2147 1015 2450 1101 quemad-

288 1129 547 1191 modum
591 1131 822 1213 -γέων,
868 1151 927 1191 v.
972 1124 1017 1190 8
1060 1141 1127 1191 et
1161 1132 1356 1194 ’-κὲων
1399 1140 1534 1193 ant.
1585 1153 1640 1193 v.
1678 1125 1776 1194 10.
1808 1166 1892 1178 —
1922 1129 1996 1193 V.
2026 1126 2451 1213 7significavi

285 1241 596 1322 quaedam
661 1239 1032 1304 desiderari.
1124 1239 1206 1303 In
1269 1240 1681 1324 antistropha
1731 1262 1954 1304 omnes
1999 1240 2152 1304 libri
2197 1239 2449 1303 habent

282 1354 563 1434 μαραίνει
627 1375 691 1415 τε
757 1354 854 1416 καὶ
901 1350 1140 1436 φλέγει.
1232 1352 1571 1416 Postrema
1613 1380 1678 1417 τε
1723 1355 1822 1417 καὶ
1867 1350 2086 1438 φλέγει
2129 1372 2263 1415 non
2306 1372 2452 1435 pos-

287 1472 438 1524 sunt
502 1461 771 1535 abesse3
839 1460 920 1525 iis
988 1460 1164 1525 enim
1218 1461 1471 1526 omissis
1516 1473 1850 1548 exspectes
1899 1462 2101 1527 tristis
2146 1462 2243 1526 rei
2283 1483 2454 1525 com-

283 1570 831 1635 memorationem.
908 1569 1176 1657 Φλέγειν
1205 1584 1304 1636 est
1336 1572 1692 1651 illustrare,
1731 1574 2136 1653 conspicuum
2167 1572 2452 1638 reddere.

286 1680 386 1746 cf.
453 1679 645 1744 Pind.
692 1679 887 1766 Pyth.
934 1679 1004 1743 V.
1053 1676 1140 1742 42
1161 1729 1182 1759 ,
1256 1680 1453 1747 Nem.
1499 1681 1591 1746 X.
1635 1677 1700 1746 ⁴2.
1793 1681 1874 1745 In
1921 1683 2187 1768 stropha
2233 1693 2453 1747 autem

287 1791 638 1876 requiritur
656 1840 676 1869 ‚
720 1804 797 1856 ut
839 1792 1084 1856 mentio
1130 1791 1234 1855 dei
1255 1842 1275 1871 ‚
1321 1814 1510 1876 quem
1557 1803 1705 1878 post
1734 1792 1983 1858 Panem
2011 1792 2271 1860 invocat
2299 1793 2454 1858 cho-

286 1929 393 1971 rus
411 1956 433 1986 ,
492 1905 833 1971 antecedat
877 1904 1172 1991 apposita
1217 1905 1783 1992 ἶκαρίων-μολών
1804 1954 1824 1985 ,
1884 1928 2049 1991 quae
2094 1928 2210 1993 per
2252 1905 2454 1991 parti-

289 2019 502 2083 culam
567 2016 635 2085 δέ
689 2020 907 2083 minus
954 2030 1102 2103 apte
1147 2041 1294 2083 cum
1338 2019 1777 2103 superioribus
1823 2020 2227 2105 iunguntur,
2280 2042 2353 2084 ac
2397 2020 2456 2084 si

291 2133 367 2196 de
429 2130 610 2195 Pane
681 2131 911 2194 chorus
962 2130 1140 2215 loqui
1185 2142 1497 2216 pergeret.
1588 2129 1807 2201 Quare
1853 2154 2206 2217 cognomen
2251 2131 2453 2218 Apol-

288 2243 440 2308 linis
499 2244 815 2309 excidisse
874 2243 1202 2328 probabile
1264 2234 1384 2307 es't.
1476 2242 1781 2329 Suppleri
1826 2264 2011 2329 posse
2060 2255 2247 2328 puto:
2298 2246 2334 2309 ὅ
2395 2245 2449 2307 τ’

289 2355 562 2443 εὐλῦρας
607 2356 757 2434 (Ar.
804 2355 1069 2419 Thesm.
1113 2351 1314 2436 969),
1380 2357 1552 2439 quod
1598 2355 1894 2439 sequenti
1944 2355 2160 2419 versui
2211 2356 2453 2420 adden-

289 2467 445 2530 dum
489 2466 613 2531 erit
639 2516 657 2545 ,
724 2467 796 2530 in
841 2488 969 2551 quo
1012 2463 1104 2545 δ’,
1149 2466 1323 2550 quod
1366 2465 1513 2530 libri
1558 2466 1804 2530 habent
1827 2513 1848 2543 ‚
1894 2465 2075 2529 eieci.
2122 2501 2208 2514 —
2251 2465 2324 2531 V.
2375 2464 2455 2531 10

286 2579 543 2643 restitui
585 2579 929 2643 lectionem
977 2577 1344 2642 Hermanni
1389 2601 1503 2664 pro
1547 2580 1757 2662 θυμόν
1794 2578 1848 2641 τ’
1871 2626 1892 2656 ,
1936 2579 2109 2661 quod
2138 2579 2292 2643 ferri
2321 2601 2456 2643 non

288 2703 514 2776 potest.
601 2693 941 2758 Librorum
1004 2692 1351 2756 auctoritas
1411 2693 1587 2755 favet
1647 2690 1909 2754 lectioni
1954 2694 2176 2775 θυμῶν
2202 2740 2221 2771 ,
2283 2692 2456 2776 quod

291 2816 506 2869 tamen
551 2806 686 2870 sive
730 2829 875 2869 cum
924 2805 1212 2871 ἀέλπτων
1255 2804 1553 2889 iungitur
1598 2803 1802 2887 (quod
1845 2803 2077 2866 mirere
2121 2801 2457 2866 nonnullis

289 2917 634 3001 placuisse)
678 2915 810 2979 sive
855 2936 970 2998 per
1014 2937 1081 2978 se
1127 2926 1288 2991 stat,
1333 2914 1814 2979 incommodum
1861 2926 1978 2977 est.

660 3111 1078 3158 οοΜΜΑΤῙοΔ.
1166 3091 1474 3157 Ρτοοᾶιιε.
1567 3090 1904 3173 (Hemich.
1968 3086 2059 3174 1.)

286 3254 428 3339 Ἡμ.
473 3253 530 3320 α’
574 3257 611 3319 ὁ
657 3249 715 3317 α’
804 3253 1025 3326 Πόνος
1068 3254 1248 3337 πόνῳ
1291 3253 1499 3318 πόνον
1544 3253 1730 3338 φέρει.

420 3341 780 3429 (χορηγός-)

954 3516 1084 3582 Str.
1147 3513 1204 3580 1.
1294 3515 1636 3598 (Hemich.
1710 3519 1799 3600 l.)

289 3679 433 3764 Ἡμ.
481 3676 538 3744 α’
584 3681 620 3743 ὁ
662 3675 739 3765 β’
830 3680 984 3753 nii,
1027 3679 1162 3755 πᾶ,

838 3792 943 3856 Ha
986 3789 1114 3875 γὰρ
1161 3789 1278 3855 οὐκ
1321 3785 1485 3874 ἔβαν
1530 3789 1695 3874 ἐγώς

840 3896 1110 3976 Κοῦδεὶς
1153 3904 1473 3966 ἐπίσταται
1516 3899 1608 3985 ’μέ
1656 3904 2003 3985 συμμαθεῖν
2046 3900 2269 3976 τόπος.

958 4077 1121 4143 Ant.
1173 4075 1229 4142 1.
1320 4076 1661 4158 (Hemich.
1711 4074 1809 4163 2.)

290 4243 417 4329 Ἥμ
475 4242 552 4332 β’
595 4248 633 4311 ὁ
679 4237 737 4306 α’
832 4235 1043 4316 Ἰδού,

850 4355 1123 4419 Δοῦπον
1166 4348 1245 4416 αὖ
1289 4348 1465 4416 κλύω
1505 4349 1667 4418 τινά.

298 4469 446 4554 Ἥμ.
493 4464 569 4554 β’
599 4469 635 4532 ὁ
664 4460 740 4550 β’
848 4460 1066 4546 Ἥμῶν
1111 4488 1184 4548 γε
1229 4460 1389 4536 ναὸς
1432 4460 1825 4529 κοινόπλουν
1869 4458 2125 4544 ὁμιλίαν
