3107 5359
1712 377 1801 446 20

679 600 827 669 ΞΝ).
899 637 987 653 —-
1042 599 1119 666 V.
1174 597 1255 665 10
1326 600 1677 666 choriamb.
1737 602 1908 667 trim.
1966 603 2198 683 catal„
2271 604 2375 668 vel
2434 603 2593 670 dim.
2652 604 2846 669 catal.

681 738 900 801 praep.
956 713 1194 779 cretico
1241 736 1393 780 cum
1436 714 1757 780 anacrusi.
1847 716 1949 781 cf.
1999 717 2082 780 ad
2136 740 2196 780 v.
2246 713 2394 781 221.

769 828 1017 892 Addito
1075 828 1144 890 in
1205 826 1470 910 stropha
1527 848 1591 891 v.
1642 824 1683 889 7
1735 830 1773 891 ὅ
1824 827 1881 892 τ’
1933 826 2210 914 εὖλῦρας
2235 877 2257 906 ,
2313 828 2385 891 in
2430 828 2591 893 Ant.
2643 856 2712 893 τε
2749 832 2849 893 καὶ

685 940 903 1026 φλέγει
959 961 1178 1002 versus
1228 938 1417 1001 aliter
1474 949 1629 1000 sunt
1678 939 2099 1023 disponendi,
2150 940 2273 1003 hoc
2316 940 2541 1002 modo:

1123 1122 1262 1182 Νῦν
1318 1116 1445 1201 γὰρ
1505 1118 1639 1199 ἐμοὶ
1694 1113 1863 1198 μέλει
1922 1124 2243 1202 χορεῦσαι.

1111 1226 1194 1292 Ὅ
1252 1226 1312 1291 τ’
1372 1225 1649 1312 εὗλῦρας
1704 1227 1990 1313 'Inopiam
2048 1229 2202 1314 ὑπὲρ
2253 1226 2589 1314 πελαγέων

1121 1336 1371 1403 Μυλῶν
1428 1336 1595 1412 ἄναξ
1644 1337 2002 1404 Ἀπόλλων
2042 1374 2132 1387 —

771 1504 995 1567 Altero
1037 1525 1224 1566 versu
1282 1498 1666 1564 choriambis
1723 1500 2142 1585 praeponitur
2197 1501 2473 1565 creticus
2517 1523 2669 1565 cum
2697 1523 2856 1566 ana-

687 1619 857 1684 crusi
913 1617 1058 1700 (qui
1106 1625 1206 1678 est
1254 1634 1371 1698 pro
1421 1612 1856 1695 choriambo);
1914 1614 2142 1677 tertius
2191 1624 2289 1676 est
2338 1612 2675 1678 iambicus,

777 1729 850 1792 V.
878 1720 1239 1790 719-865.
1291 1723 1528 1802 lambi,
1557 1735 1812 1809 praeter
1832 1726 2366 1790 exclamationem
2396 1749 2458 1791 v.
2488 1723 2644 1804 757,
2686 1747 2858 1811 quae

690 1856 792 1908 est
832 1848 1018 1905 extra
1057 1848 1359 1901 metrum.

777 1953 851 2017 V.
894 1946 1044 2015 866.
1135 1947 1344 2012 Iamb.
1389 1946 1545 2010 dim.

1224 3315 1948 3348 υ-υ-υ-υ-

1226 3407 1372 3450 ...L

1219 3539 1856 3572 -υ--υ-υ-

1219 3649 2319 3686 --υ-υ-υ--υ-υυ

793 3827 1054 3893 Tertius
1139 3849 1364 3894 versus
1444 3826 1809 3893 trochaicus
1830 3876 1849 3905 ‚
1939 3836 2207 3912 quartus
2263 3826 2602 3891 iambicus.
2691 3827 2870 3892 Ante

702 3962 765 4003 v.
829 3935 957 4004 870
997 3963 1202 4005 unum
1246 3963 1498 4005 versum
1543 3939 1856 4005 excidisse
1898 3962 2032 4004 non
2075 3950 2328 4004 constat
2347 3988 2365 4015 ,
2430 3963 2586 4005 nam
2627 3964 2691 4006 v.
2736 3938 2871 4005 866

702 4053 982 4135 proodus
1025 4074 1163 4117 esse
1205 4065 1417 4137 potest
1440 4101 1460 4132 ,
1523 4078 1562 4117 a
1607 4052 1882 4137 chol-ego
1907 4101 1927 4130 ‚
1971 4051 2085 4136 qui
2130 4062 2229 4116 est
2269 4051 2341 4115 in
2384 4051 2597 4137 priore
2658 4052 2873 4118 hemi-

704 4163 925 4229 chorio
945 4211 963 4240 ,
1022 4175 1320 4229 cantatus
1339 4214 1359 4243 ‚
1417 4166 1525 4229 cui
1568 4165 1769 4229 etiam
1814 4186 1873 4228 v.
1916 4159 2041 4225 877
2082 4173 2149 4226 et
2191 4185 2284 4247 sq.
2331 4163 2530 4228 tribui
2574 4176 2873 4249 possunt.

703 4276 777 4339 V.
844 4271 974 4340 868
1016 4288 1082 4340 et
1123 4273 1252 4341 869
1292 4276 1488 4341 unius
1532 4297 1842 4362 personae
1885 4295 2024 4338 esse
2068 4274 2371 4340 videntur
2414 4288 2677 4361 propter
2733 4282 2873 4343 καὶ

708 4384 942 4463 οὐδείς.
