3107 5359
1247 374 1324 441 17

290 602 418 668 Str.
463 625 525 669 v.
575 599 619 666 2
661 607 780 670 αἰεί
821 603 1040 689 scripsi
1085 626 1233 669 cum
1279 604 1507 668 Herm.
1562 600 1647 667 V.
1688 599 1749 667 4.
1826 601 2048 667 Lectio
2092 600 2360 665 incerta.

203 712 354 779 Sn.:
437 710 632 780 Ἰδαῖα
700 719 948 800 μίμνων
998 716 1293 800 λειμώνια
1340 717 1519 796 πίσε’,
1573 716 1849 801 α’λγέων.
1938 714 2062 779 Sed
2117 719 2360 798 μίμνειν

202 829 383 891 πίσεα
425 849 558 890 non
602 828 961 912 significare
1014 841 1224 913 potest
1269 831 1442 913 quod
1494 828 1607 892 ilie
1652 829 1827 892 vult:
1875 830 2204 910 ὑπομένειν
2244 830 2361 904 τὴν

207 937 573 1027 ὃυςχέρειαν
625 951 738 1018 τῆς
784 944 850 1006 ἐν
897 953 1035 1019 τοῖς
1079 948 1287 1009 πίσεσι
1327 952 1572 1026 novin-3
1638 942 1965 1006 molestiae
2010 942 2182 1005 enim
2235 939 2361 1022 sig-

204 1051 489 1116 nificatio
540 1052 647 1116 hic
699 1055 914 1131 abest,
986 1074 1180 1139 qnare
1224 1054 1392 1119 nihil
1436 1056 1711 1140 probant
1756 1054 1929 1119 Phil.
1984 1049 2147 1130 871,
2199 1051 2362 1116 Oed.

206 1162 278 1229 T.
330 1160 463 1228 295
484 1214 505 1243 ,
558 1166 638 1230 al.
729 1165 811 1229 In
868 1166 1132 1252 Bergkii
1179 1168 1545 1233 coniectura
1591 1169 1817 1252 (quam
1845 1167 1991 1230 vide
2022 1189 2122 1252 ap.
2152 1164 2265 1230 Sn.
2297 1166 2366 1228 in

206 1278 551 1359 addendis)
602 1300 750 1342 cum
804 1280 931 1343 alia
977 1292 1115 1345 tum
1169 1284 1298 1368 πόᾳ
1344 1280 1673 1366 displicet,
1726 1302 1853 1365 quo
1896 1287 2190 1344 aestatem
2239 1278 2367 1363 sig-

203 1392 537 1457 nificatam
608 1415 745 1457 esse
820 1417 858 1457 a
919 1393 1234 1479 Sophocle
1304 1417 1437 1459 non
1488 1394 1676 1458 facile
1726 1393 2091 1458 concedam.
2181 1392 2369 1455 Idem

203 1526 354 1568 vero
426 1528 560 1589 seq.
623 1529 809 1571 versu
852 1507 1107 1593 egregie
1162 1509 1430 1593 εὗνῶμαι
1475 1530 1590 1592 pro
1636 1507 1886 1591 εὖνόμᾳ.
1977 1503 2125 1568 Hac
2167 1503 2370 1589 igitur

206 1616 575 1682 coniectura
615 1642 760 1683 cum
813 1620 927 1684 Sn.
987 1633 1241 1704 recepta
1288 1622 1357 1684 in
1410 1619 1670 1703 reliquis
1718 1617 2085 1683 Hermanni
2130 1615 2368 1699 priores

206 1750 392 1794 curas
491 1744 746 1796 secutus
821 1755 984 1798 sum.
1095 1731 1291 1800 Ἰδαῖα
1374 1732 1667 1817 λειμώνια
1740 1731 1971 1799 ἄποινα
2048 1728 2370 1814 significat

206 1841 499 1925 praemia
546 1846 1060 1911 commorationis
1109 1848 1180 1911 in
1223 1860 1408 1933 prato
1460 1845 1895 1911 Scamandrio.
1984 1843 2146 1910 Ant.
2195 1863 2256 1904 v.
2303 1837 2366 1904 4.

208 1953 338 2039 ὄρει
411 1957 620 2040 prima
688 1960 1017 2043 producta.
1098 1961 1182 2026 V.
1258 1957 1319 2024 9.
1400 1949 1617 2027 ἔπεσεν
1695 1980 1778 2022 ex
1862 1956 2044 2021 libris
2114 1951 2370 2019 restitui

208 2089 325 2151 pro
408 2069 586 2136 ἔπεσε
610 2119 630 2148 ,
703 2084 780 2137 ut
846 2075 1289 2152 numerosius;
1361 2074 1610 2159 μελέοις
1652 2083 1750 2137 est
1797 2070 2228 2156 disyllabum3
2285 2066 2367 2130 cf.

207 2178 445 2245 Aesch.
490 2183 670 2268 Sept.
720 2180 879 2266 855,
930 2182 1075 2252 920.

1179 2479 1312 2545 Str.
1355 2476 1421 2543 2.

465 2633 553 2702 Ἦ
598 2664 725 2705 που
766 2637 1005 2727 παλαιᾷ
1088 2643 1203 2725 μὲν
1247 2639 1559 2727 ἔντροφος
1607 2638 1801 2726 ἁμέρᾳ

475 2754 690 2835 Λευκῷ1
729 2778 794 2816 τε
837 2754 1029 2838 γήραι
1111 2755 1316 2839 ματῆρ
1363 2780 1463 2820 νιν
1509 2755 1665 2818 ὅταν
1710 2757 2029 2819 νοσοῦντα

481 2862 905 2948 Φρενομόρως
949 2861 1189 2951 &noim-p
1212 2912 1234 2944 ,

485 2968 754 3036 Αἵλινον
800 2971 1051 3040 αἴλινον
1075 3023 1096 3052 ,

331 3072 393 3144 5.
484 3079 641 3147 Οὐδ’
686 3086 784 3149 οἰκ
867 3089 1026 3171 τρῖις
1067 3087 1234 3172 γόον
1279 3088 1358 3172 ὄρ
1446 3090 1636 3163 vieng-
1680 3084 1918 3165 ἆηδοῦς

475 3189 659 3261 ’Ἠσει
745 3191 1100 3285 ὃῦςμορος,
1146 3196 1299 3263 ἀλλ’
1390 3196 1742 3276 ὀξυτόνους
1781 3203 1895 3284 μὲν
1939 3195 2110 3286 ᾠδὰς

488 3311 707 3393 Θρηνή
797 3337 889 3376 σει
932 3309 1363 3398 χερόπλακτοι
1406 3309 1464 3377 δ’

488 3420 604 3485 Ἐν
653 3425 797 3509 στέρ
886 3452 1053 3490 νοισι
1092 3431 1430 3492 πεσοῦνται

493 3539 740 3601 Δοῦποι
762 3582 785 3615 ,
874 3540 973 3603 καὶ
1017 3534 1255 3612 πολιᾶς
1298 3535 1555 3624 ὄμυγμα
1599 3543 1846 3626 χαίτας.

1164 3787 1326 3854 Ant.
1376 3786 1439 3852 2.

496 3954 800 4037 Κρέσσων
843 3949 971 4036 γὰρ
1001 3945 1193 4034 ’Ἅιδᾳ
1279 3952 1521 4014 κεῦθων
1566 3953 1603 4014 ὁ
1649 3955 1865 4017 νοσῶν
1907 3954 2148 4038 μάταν,

480 4062 606 4139 ’“Ος
650 4066 714 4128 ἐκ
759 4059 1052 4148 πατρῴας
1136 4060 1307 4137 ἥκων
1348 4065 1571 4147 γενεᾶς
1613 4061 1875 4149 ἄριστος

497 4175 906 4242 Πολυπόνων
952 4175 1240 4260 Ἀχαιῶν
1263 4222 1283 4251 ,

499 4290 634 4355 Οὔκ
676 4288 764 4356 ἐ’τι
806 4289 1195 4375 συντρόφοις

349 4393 392 4462 5
502 4402 772 4488 Ὀργαῗς
856 4396 1121 4485 ἔμπεδος
1165 4397 1321 4464 ἀλλ’
1406 4400 1586 4477 ἐκτὸς
1629 4399 1850 4485 ὁμιλεῖ.

491 4512 579 4579 Ὦ
620 4512 746 4581 Aa
828 4541 955 4599 μον
995 4512 1190 4598 πάτερ
1215 4560 1232 4592 ,
1274 4512 1337 4578 οἵ
1422 4541 1502 4577 αν
1546 4540 1614 4579 σε
1655 4516 1818 4598 μένει
1860 4516 2173 4581 πυθέσθαι

1959 4622 2004 4689 2
