3107 5359
1731 381 1776 447 8

666 637 704 679 a
762 613 998 698 quibus
1053 612 1374 698 incipiunt
1429 635 1490 676 v.
1550 606 1595 673 5
1650 620 1717 676 et
1771 606 1815 673 6
1870 609 2156 676 efficiunt
2209 609 2393 675 basin
2415 659 2436 689 ‚
2499 632 2618 675 nec
2661 633 2815 677 cum

665 725 1038 811 vulgaribus
1116 723 1344 789 iambis
1424 725 1661 788 debent
1719 722 2046 787 confundi.
2139 721 2222 786 V.
2267 723 2325 786 4.
2372 731 2500 787 tres
2545 723 2814 788 ultimae

666 838 946 926 syllabae
992 865 1048 897 υ
1089 875 1152 886 —-
1195 876 1251 886 -
1294 837 1581 902 efficiunt
1623 836 2063 901 choriambum
2091 834 2553 900 catalecticum.
2643 836 2818 901 Cum

668 951 1035 1015 choriambo
1102 949 1275 1013 enim
1336 949 1587 1035 saepius
1653 959 2057 1035 permutatur
2122 947 2393 1011 creticus
2458 970 2606 1011 cum
2665 969 2822 1012 ana-

667 1062 837 1127 crusi
884 1089 940 1122 υ
1005 1061 1016 1147 Ι
1083 1067 1138 1110 -’
1184 1089 1240 1121 υ
1280 1100 1344 1111 —-
1367 1111 1388 1140 ,
1455 1062 1641 1126 cuius
1692 1059 2061 1125 catalectica
2105 1061 2307 1124 forma
2323 1109 2343 1137 ‚
2417 1060 2648 1125 ultima
2691 1059 2821 1145 syl-

666 1178 813 1242 laba
885 1175 1150 1252 omissa,
1224 1186 1323 1238 est
1393 1173 1698 1238 bacchius
1771 1200 1828 1231 υ
1873 1176 1929 1222 -’-
1964 1211 2034 1226 —
2076 1222 2091 1237 .
2180 1171 2262 1236 In
2333 1172 2822 1257 pronunciando

669 1298 883 1353 tamen
950 1286 1053 1351 hic
1120 1310 1158 1349 a
1224 1286 1632 1371 praecedenti
1676 1284 2044 1349 choriambo
2086 1306 2217 1347 non
2261 1284 2448 1348 debet
2494 1281 2820 1368 separari3

666 1399 860 1465 huius
925 1398 1154 1463 ultima
1206 1398 1452 1483 syllaba
1494 1418 1642 1461 cum
1718 1395 1979 1460 bacchio
2035 1393 2229 1460 efficit
2288 1394 2673 1459 trochaicam
2721 1394 2821 1459 di-

664 1511 964 1596 podiam3
1030 1508 1246 1593 itaque
1298 1508 1510 1573 exitus
1552 1506 1748 1572 huius
1792 1530 2010 1571 versus
2054 1522 2150 1572 est
2192 1507 2346 1572 ordo
2388 1505 2817 1591 logaoedicus.

666 1623 868 1687 Totus
912 1634 1129 1686 aut-em
1171 1643 1388 1685 versus
1433 1631 1531 1685 est
1574 1620 1860 1685 trimeter
1902 1620 2365 1685 choriambicus
2408 1621 2594 1685 catal.
2638 1643 2822 1704 prae-

664 1735 887 1820 positis
947 1733 1302 1809 trochaeis;
1362 1734 1464 1798 vel
1523 1744 1773 1798 tetram.
1832 1732 2240 1797 catalecticus
2263 1781 2284 1811 ‚
2353 1732 2409 1796 si
2475 1733 2821 1797 anacrusin

665 1860 732 1912 et
774 1848 1081 1913 creticum
1124 1846 1558 1933 praepositum
1601 1867 1715 1933 pro
1758 1845 2126 1910 choriambo
2168 1845 2540 1909 habeamus.
2629 1841 2716 1909 V.
2754 1839 2818 1909 5.

665 1972 761 2024 est
805 1961 976 2025 chor.
1023 1960 1193 2023 trim.
1237 1959 1425 2024 catal.
1469 1957 1831 2043 praeposita
1883 1955 2043 2022 basi.
2128 1955 2293 2043 Ἀρη
2342 1956 2537 2021 habet
2589 1959 2649 2021 ἆ.

750 2074 832 2138 V.
876 2067 1229 2134 2357-262.
1317 2068 1697 2155 Anapaesti.

752 2183 838 2247 V.
881 2179 1226 2245 265—547.
1317 2182 1550 2246 Iambi.

1254 2362 1335 2426 V.
1382 2356 1720 2424 348—555
1756 2387 1824 2415 -·--
1858 2356 2214 2424 556-561.

664 2524 722 2591 α’
921 2523 2356 2610 υ--Ιυ-ί--υ-Ιυϋζγ-υ-

1813 2638 1835 2663 Ι

916 2634 2152 2724 υψυυ-υυ-Ιυ--υ-

916 2750 2495 2822 υέ-υ-υ-’ψ-υέυ-υ--ὐ-

919 2865 1582 2919 έυυ-ψ--

749 3219 831 3283 V.
901 3217 930 3283 l
1002 3230 1067 3284 et
1122 3214 1167 3281 ⁸2
1211 3219 1569 3284 dochmiaci
1614 3230 1767 3284 sunt
1812 3219 2113 3297 dimetri3
2157 3219 2364 3304 primo
2408 3208 2811 3303 praepositus

659 3342 756 3395 est
798 3331 1071 3395 iambus.
1185 3330 1541 3394 Dochmius
1582 3344 1799 3396 autem
1840 3341 2089 3395 constat
2134 3354 2216 3394 ex
2246 3332 2499 3395 duobus
2528 3331 2760 3395 iambis
2794 3383 2812 3411 ,

659 3466 931 3527 quorum
975 3442 1144 3528 prior
1189 3455 1285 3506 est
1329 3443 1978 3528 hypercatalecticus;
2023 3442 2247 3508 solutis
2290 3426 2509 3508 autem
2550 3443 2763 3528 longis
2790 3493 2811 3522 ,

655 3555 983 3641 productis
1039 3554 1340 3619 brevibus
1400 3553 1658 3640 syllabis
1725 3554 1962 3617 multas
2007 3553 2165 3617 alias
2213 3553 2496 3617 admittit
2541 3554 2810 3618 formas:

661 3700 718 3739 g
750 3671 872 3746 5'0
904 3707 1016 3756 συ
1050 3690 1106 3736 g<
1139 3705 1269 3756 u-v·
1360 3666 1616 3730 Tertius
1663 3688 1878 3729 versus
1923 3678 2020 3729 est
2065 3676 2429 3730 tetrameter
2456 3665 2767 3729 iambicus
2788 3716 2807 3745 ,

657 3804 919 3845 caesura
962 3791 1060 3843 est
1101 3780 1173 3842 in
1217 3791 1328 3844 str.
1376 3790 1443 3843 et
1486 3789 1620 3842 ant.
1655 3790 1796 3862 post
1825 3777 2101 3861 priorem
2133 3775 2345 3840 thesin
2374 3775 2599 3840 tertiae
2630 3775 2807 3861 dipo-

656 3895 819 3958 diae.
911 3892 996 3956 V.
1043 3893 1082 3954 4
1124 3903 1222 3956 est
1266 3891 1689 3976 logaoedicus.
1778 3889 1881 3955 Cf.
1927 3890 2165 3954 Aesch.
2214 3890 2390 3974 Sept.
2435 3884 2596 3967 567,
2640 3885 2809 3969 688,

656 4003 772 4071 701
817 4004 1042 4089 (Ddf.)

1257 4233 1342 4298 V.
1395 4227 1727 4298 564-567
1757 4250 1843 4286 =
1869 4226 2206 4296 579—382
