3107 5359
1682 349 1772 418 28

647 567 1103 657 παγκλαύτοις.
1155 574 1210 635 Η
1224 596 1379 640 erm.
1409 599 1475 662 p.
1499 573 1651 642 564.
1674 616 1755 627 --
1781 580 1854 646 V.
1884 576 1926 644 5
1948 582 2295 669 glyconeus
2317 609 2467 652 cum
2489 593 2810 657 anacrusi.

653 685 753 747 De
797 683 981 748 exitu
1026 707 1244 750 versus
1288 709 1348 750 v.
1397 689 1478 751 ad
1524 712 1586 754 v.
1639 688 1783 758 194.

734 796 1050 861 Trochaei
1093 821 1152 862 v.
1208 799 1235 862 1
1283 801 1629 885 praepositi
1670 802 1742 868 in
1786 807 2048 891 stropha
2092 820 2157 872 et
2190 811 2588 899 antistropha
2616 816 2815 901 pleno
2865 789 2870 794 .

650 909 960 973 vocabulo
1005 908 1452 976 terminantur.
1501 951 1583 959 —
1627 913 1942 1001 Strophae
1986 942 2046 984 v.
2090 917 2132 983 5
2163 927 2400 1009 Τροίαν
2426 927 2814 1012 (spondeus)

649 1043 782 1085 non
853 1023 1044 1107 plane
1114 1025 1457 1109 respondet
1529 1027 1969 1114 antistrophae
2040 1035 2283 1100 πόνων.
2379 1035 2508 1101 Sed
2573 1038 2816 1105 similia

647 1134 946 1218 exempla
1020 1134 1208 1219 plura
1266 1136 1710 1204 inveniuntur.
1801 1142 1908 1206 Sic
1977 1145 2149 1211 Phil.
2229 1145 2429 1214 1128:
2494 1151 2545 1215 ὦ
2608 1150 2812 1227 τόξον

649 1244 845 1329 φίλον
912 1247 963 1311 ὦ
1027 1247 1280 1332 φίλων,
1352 1245 1549 1315 1151ε
1596 1252 1717 1319 τὰν
1759 1257 2046 1342 πρόσθεν
2085 1256 2337 1345 βελέων
2382 1259 2608 1329 ἆλκᾶν.
2700 1264 2801 1330 Cf.

650 1358 875 1421 Herm.
921 1381 985 1443 p.
1028 1355 1191 1439 565,
1237 1358 1945 1454 Rossbach-westphal
1968 1420 1989 1449 ,
2033 1393 2096 1455 p.
2141 1367 2286 1438 556.

1237 2251 1649 2319 1199-1210
1677 2278 1763 2313 =
1795 2251 2222 2319 1211-1222.

734 3359 806 3424 V.
857 3356 1019 3422 1-5
1060 3357 1509 3437 choriambici,
1553 3358 1801 3443 primus
1842 3380 2117 3422 monom.
2162 3359 2519 3443 praeposito
2562 3360 2820 3445 amphi-

647 3471 884 3535 bracho
908 3519 929 3549 ‚
976 3472 1294 3536 secundus
1340 3481 1593 3534 tetram.
1641 3470 1968 3556 hypercat.
1999 3518 2019 3548 ‚
2092 3470 2319 3535 tertius
2363 3482 2648 3556 pentam.
2693 3471 2817 3557 hy·

649 3593 887 3668 percat.
951 3606 1094 3648 cum
1164 3606 1380 3649 anaor.
1438 3617 1524 3630 —-
1583 3581 1657 3646 V.
1705 3581 1748 3645 4
1792 3583 2136 3662 bacchius,
2210 3582 2324 3668 qui
2374 3594 2585 3668 potest
2628 3582 2820 3668 iungi

649 3718 795 3760 cum
842 3719 904 3760 v.
950 3691 1030 3774 5,
1073 3695 1187 3780 qui
1230 3706 1328 3760 est
1372 3695 1758 3782 glyconeus3
1803 3695 2087 3759 eiusdem
2119 3694 2371 3779 generis
2403 3704 2555 3758 sunt
2584 3717 2644 3758 v.
2676 3690 2721 3756 6
2748 3706 2821 3759 et

648 3808 707 3872 7.
773 3844 856 3856 —
927 3807 1013 3872 V.
1081 3806 1164 3872 8⁸
1223 3819 1319 3873 est
1377 3807 1882 3882 choriambious3
1951 3807 2155 3872 altera
2212 3830 2359 3893 pars
2448 3816 2545 3871 est
2588 3807 2818 3892 phere·

647 3932 898 3986 crateus
923 3970 944 4000 ‚
987 3919 1100 4006 qui
1144 3943 1348 4007 quum
1392 3943 1526 3985 una
1570 3919 1819 4006 syllaba
1860 3920 2071 3984 minor
2114 3919 2198 3983 sit
2242 3942 2436 4004 quam
2465 3918 2818 4005 glyconeus

644 4034 960 4120 (vulgaris
1031 4034 1346 4117 formae),
1410 4033 1683 4118 ideoque
1728 4030 1812 4096 sit
1856 4033 2204 4118 glyconeus
2248 4031 2439 4095 catal.
2467 4080 2488 4110 ,
2562 4030 2819 4116 saepius

652 4148 956 4214 terminat
1001 4147 1325 4233 stropham
1373 4147 1772 4234 glyconeam.

731 4374 817 4440 V.
871 4369 1300 4437 1295—1401.
1391 4370 1628 4439 Iambi.

738 4482 823 4549 V.
876 4482 1043 4550 1402
1084 4506 1289 4569 usque
1334 4483 1416 4548 ad
1460 4484 1659 4548 finem
1705 4504 1764 4546 v.
1814 4478 1999 4548 1419.
2088 4481 2465 4569 Anapaesti.
