3107 5359
1691 317 1782 391 26

1323 543 1665 617 910—914
1687 570 1776 609 =
1801 544 2159 617 954-960,

747 993 819 1063 V.
869 992 924 1061 1.
970 994 1251 1063 dochmii
1302 1006 1449 1061 tres.
1536 992 1610 1057 V.
1641 990 1688 1061 2
1713 992 2001 1061 trochaei
2027 1003 2094 1057 et
2115 990 2392 1077 dactyli:
2444 990 2579 1075 dip.
2605 988 2816 1059 troch.

661 1128 811 1175 cum
863 1127 1076 1173 anacr.
1102 1154 1123 1184 ,
1181 1106 1347 1173 dact.
1406 1106 1576 1175 trim.
1637 1106 1827 1173 catal.
1883 1104 1955 1170 in
2011 1104 2225 1190 disyll.
2248 1153 2270 1182 ‚
2325 1099 2818 1189 ithyphallicus.

660 1214 732 1285 V.
784 1213 827 1279 5
884 1216 1236 1303 dactylicus
1294 1217 1464 1285 trim.
1518 1218 1710 1283 catal.
1760 1217 1831 1285 iu
1882 1216 2269 1303 disyllabum
2311 1227 2377 1280 et
2420 1212 2827 1281 choriambus

654 1329 984 1415 hypercat.
1073 1329 1379 1401 Ceterum
1451 1331 1571 1396 hos
1638 1352 1856 1397 versus
1927 1329 2310 1399 distribuere
2376 1326 2639 1397 mallem
2705 1323 2829 1387 hoc

661 1442 887 1508 modo:

1043 1553 1241 1639 Ὤμοι
1283 1557 1434 1639 ἐμᾶς
1478 1553 1636 1631 ἄτας
1653 1603 1673 1632 ,
1762 1554 1904 1629 οἶος
1948 1550 2052 1640 ἄρ’
2099 1549 2422 1639 αἶμᾶχθης

1049 1668 1415 1758 ''Adipata-og·
1458 1668 1688 1756 φίλων·
1733 1671 1861 1756 ἐγὼ
1906 1665 1961 1735 δ’
2006 1673 2045 1734 ὁ
2088 1666 2296 1735 mim-a

1062 1784 1339 1868 Κωφός,
1384 1786 1423 1847 ὁ
1467 1779 1650 1848 πάντ’
1694 1778 1899 1866 ἄϊδρις
1944 1778 2355 1863 κατημέλησα.

1066 1898 1197 1979 Πᾷ,
1242 1898 1333 1978 πᾷ
1375 1900 1562 1958 κεῖται
1606 1896 1643 1957 ὁ
1689 1887 2124 1978 ὃυςτρᾶπελος
2168 1888 2538 1974 δυςώνυμος
2569 1890 2728 1966 Αἴας
2742 1915 2776 1965 ,·

757 2004 1062 2071 Dochmii
1123 2004 1296 2069 enim
1360 2004 1488 2068 duo
1556 2003 1842 2089 copulari
1897 2003 1968 2068 in
2026 2026 2279 2068 versum
2324 2004 2552 2068 solent.
2642 2003 2834 2067 Alter

670 2140 888 2182 versus
981 2116 1177 2180 habet
1263 2114 1630 2185 dochmium
1704 2124 1770 2180 et
1841 2115 2413 2200 penthemimerem
2484 2114 2836 2185 iambicum

665 2230 927 2311 (Herm.
973 2253 1038 2316 p.
1082 2225 1274 2313 258ss
1347 2254 1406 2297 v.
1450 2227 1494 2295 5
1534 2230 1937 2312 logaoedicus
1981 2231 2141 2312 (duo
2192 2229 2436 2316 dactyli
2458 2278 2478 2307 ‚
2527 2240 2656 2293 tres
2702 2239 2834 2292 tro-

667 2341 925 2424 chaei);
995 2342 1169 2409 idem
1233 2355 1508 2411 metrum
1553 2341 1714 2420 (duo
1750 2340 2030 2425 dactyli,
2098 2364 2268 2413 unus
2315 2340 2686 2424 trochaeus)
2732 2351 2835 2405 est

671 2453 859 2518 initio
919 2475 1137 2517 versus
1202 2452 1452 2537 quarti,
1519 2453 1634 2516 sed
1674 2451 2036 2537 praeposita
2076 2452 2259 2533 basi3
2301 2454 2476 2525 unde
2518 2453 2840 2521 vocabula

674 2572 764 2655 πᾷ
805 2572 896 2654 πᾷ
939 2567 1106 2648 (ant.
1153 2572 1265 2653 φεῦ
1309 2569 1454 2652 φεῦ)
1497 2566 1703 2630 multo
1733 2565 2057 2631 fortiorem
2086 2565 2330 2631 habent
2358 2565 2596 2644 ictum,
2641 2587 2839 2650 quam

674 2683 746 2747 in
791 2682 993 2747 altera
1037 2678 1468 2766 dispositione.
1556 2678 1779 2746 Altera
1823 2701 1968 2763 pars
2010 2689 2107 2743 est
2157 2677 2561 2748 choriambus
2604 2678 2840 2765 hyper-

669 2803 798 2860 cat·
843 2815 893 2859 s.
939 2791 1231 2864 adonius.

759 2904 831 2974 V.
889 2900 1016 2972 976
1079 2901 1315 2990 antisp.
1396 2899 1562 2972 1002
1602 2902 1892 2979 iambus3
1965 2902 2199 2992 reliqui
2243 2925 2462 2974 versus
2505 2924 2712 2989 usque
2758 2902 2844 2966 ad

678 3013 840 3080 1162
865 3015 1129 3086 iambici
1156 3039 1177 3092 3
1211 3011 1619 3082 1163—1167
1648 3015 2041 3101 anapaestici
2056 3064 2078 3096 ,
2115 3011 2526 3081 1163-1184
2554 3014 2842 3086 iambici.

1251 3212 1658 3281 1185-1191
1695 3239 1782 3273 =
1813 3214 2252 3281 1192—1198.

773 4002 845 4069 V.
895 4001 925 4067 1
974 4002 1233 4090 dipodia
1279 4002 1598 4072 trochaica
1639 4017 1706 4069 et
1749 4004 2098 4074 choriamb.
2146 4015 2400 4074 tetram.
2431 4006 2623 4071 catal.
2650 4008 2733 4073 cf.
2764 4009 2850 4073 ad

682 4141 740 4183 v.
813 4113 959 4184 224.
1033 4152 1114 4163 —
1172 4116 1242 4177 V.
1301 4113 1346 4179 2
1408 4116 1541 4204 dip.
1588 4119 1790 4186 troch.
1838 4131 1902 4182 et
1947 4118 2103 4183 dim.
2151 4119 2503 4184 choriamb.
2550 4154 2637 4166 —
2680 4118 2758 4183 V.
2805 4116 2851 4181 5

688 4230 863 4295 chor.
936 4250 1156 4313 praep.
1234 4229 1507 4295 molosso
1568 4232 1714 4316 (pro
1784 4229 2046 4294 bacchio
2105 4235 2164 4290 ὠ
2230 4236 2286 4279 -ί
2332 4268 2417 4277 -
2462 4232 2513 4313 ).
2557 4266 2644 4280 —-
2688 4228 2760 4293 V.
2808 4225 2851 4291 4

686 4341 1032 4427 glyconeus
1097 4340 1457 4430 praeposito
1519 4341 1980 4426 amphibracho
2041 4362 2159 4426 pro
2204 4339 2343 4414 basi
2386 4343 2415 4423 (
2462 4372 2521 4416 g
2567 4343 2623 4389 -‘
2671 4372 2730 4416 g
2778 4339 2852 4418 );

689 4453 860 4521 idem
921 4474 1140 4522 versus
1199 4463 1294 4520 est
1353 4454 1514 4522 Ant.
1582 4449 1706 4524 814
1777 4465 1844 4517 et
1887 4449 2051 4518 851:
2120 4456 2328 4540 τέγγει
2371 4450 2425 4519 δ’
2468 4455 2573 4519 ὑπ’
2621 4454 2855 4540 ὄφρυσι
