3107 5359
1671 309 1760 376 22

1299 530 1462 615 875,
1505 532 1632 598 874
1659 560 1753 601 =
1779 530 1946 616 875,
1990 533 2137 602 876.

1159 767 2280 834 ῦιυ---ιυ-Ξ-’.ψο

722 960 794 1027 V.
838 959 982 1028 875.
1074 966 1414 1031 Bacchius.
1459 963 1602 1031 874.
1692 967 2045 1033 Iambicus.

1292 1365 1639 1434 879-890
1663 1390 1758 1431 ε.-
1783 1363 2142 1433 925-956.

1072 1877 2202 1926 -ΐ-υυ--υυ-υ--υ-υ

811 1974 872 2041 5.
1079 1979 2083 2065 -ίυ--Ι-ψυ---

1076 2094 1655 2174 -ίυ--ίυεε

1071 2205 1629 2264 νόω-υ*
1689 2204 1699 2289 Ι
1759 2206 2216 2263 υ-ἶ--υ-

1074 2322 1333 2378 έυ-
1394 2320 1404 2405 Ι
1465 2320 2047 2379 -ψυ-υ-

1071 2430 1650 2491 -ύυ-υ-
1710 2430 2310 2516 'xa-'0421—

725 2631 797 2696 V.
849 2629 879 2696 1
909 2683 930 2712 ,
971 2628 1049 2711 2,
1095 2626 1138 2695 5
1162 2681 1181 2712 ,
1225 2631 1265 2697 7
1291 2683 1310 2712 ,
1353 2630 1397 2697 8
1425 2632 1824 2711 dochmiaci‚
1854 2655 1914 2697 v.
1946 2627 1988 2695 5
2017 2643 2082 2696 et
2111 2628 2155 2697 8
2185 2631 2437 2698 creticis
2468 2629 2799 2697 admixtis,

639 2744 710 2808 V.
754 2740 797 2806 3
840 2756 906 2808 et
951 2743 995 2807 4
1036 2745 1397 2830 logaoedici
1441 2756 1595 2809 sunt
1619 2795 1640 2824 ,
1684 2766 1964 2830 quorum
1993 2745 2188 2829 priori
2219 2746 2492 2811 creticus
2521 2744 2802 2810 additus.

640 2855 709 2918 V.
755 2850 798 2916 6
839 2857 1037 2922 habet
1082 2858 1243 2923 duos
1288 2858 1556 2924 creticos
1572 2906 1593 2936 ‚
1649 2879 1924 2942 quorum
1969 2857 2235 2921 alterius
2278 2858 2513 2922 ultima
2556 2857 2808 2943 syllaba

639 2967 710 3031 in
773 2969 1037 3053 stropha
1080 2970 1291 3034 soluta
1332 2982 1449 3034 est.
1539 2970 1610 3035 V.
1654 2966 1699 3034 9
1741 2968 2130 3053 compositus
2175 2980 2274 3032 est
2317 2991 2352 3032 e
2398 2968 2695 3032 dochmio
2739 2979 2806 3031 et

638 3078 913 3146 iambico
979 3082 1263 3147 liberiori
1306 3081 1840 3167 (ischiorrhogico
1884 3081 2113 3149 Herm.
2163 3081 2261 3145 El.
2307 3103 2370 3164 p.
2413 3077 2571 3162 254)
2619 3078 2805 3143 cuius

637 3190 798 3255 haec
828 3204 924 3256 est
954 3216 1255 3259 mensura
1283 3224 1340 3253 υ
1373 3198 1428 3242 έ-
1458 3224 1513 3256 v
1555 3192 1566 3279 Ι
1606 3199 1661 3243 -’-
1691 3225 1748 3254 υ
1777 3231 1857 3257 -.
1931 3192 2204 3259 Constat
2231 3215 2314 3257 ex
2343 3192 2805 3276 amphibracho

637 3314 704 3367 et
758 3305 1026 3388 cretico;
1087 3307 1200 3370 sed
1242 3308 1464 3371 breves
1511 3304 1824 3391 ancipites
1868 3317 2041 3371 sunt.
2090 3305 2192 3370 cf.
2242 3304 2446 3373 Dind.
2490 3307 2570 3370 de
2616 3314 2799 3369 metr.

637 3437 702 3500 p.
770 3412 875 3479 26.
941 3454 1020 3463 -
1093 3416 1393 3481 Dochmii
1449 3416 1814 3501 legitimum
1884 3439 2073 3481 usum
2135 3416 2379 3481 habent
2436 3417 2507 3481 in
2552 3437 2804 3481 summo

636 3549 918 3591 moerore
945 3576 964 3604 ,
1029 3527 1371 3612 praecipue
1439 3527 1510 3590 in
1572 3527 2056 3611 perturbatione
2101 3528 2338 3607 animi,
2413 3550 2579 3614 quae
2624 3551 2804 3594 men-

640 3653 769 3705 tem
815 3640 1156 3705 consistere
1200 3661 1332 3704 non
1375 3639 1658 3724 patitur,
1706 3638 1908 3703 veluti
1952 3638 2024 3703 in
2056 3639 2284 3705 Aesch.
2316 3640 2495 3725 Sept.
2536 3640 2799 3724 parodo,

724 3751 880 3816 Post
922 3754 1222 3835 ποταμῶν
1263 3750 1334 3814 in
1378 3749 1562 3815 libris
1607 3748 1868 3817 additur
1911 3746 2109 3836 ἴδρις»
2159 3749 2452 3814 Elmsleii
2496 3750 2797 3834 exemplo

638 3887 675 3928 a
722 3864 836 3928 Sn.
882 3861 1220 3939 omissum,
1267 3862 1421 3947 quia
1466 3872 1739 3926 metrum
1785 3884 1931 3925 cum
1976 3862 2441 3947 antistrophico
2484 3885 2616 3928 non
2650 3884 2801 3928 con-

637 3977 838 4042 venit.
927 3976 1344 4040 Hermannus
1386 3971 1552 4062 ἴδρις
1596 3986 1822 4039 tenens
1865 3971 1939 4038 in
1983 3973 2386 4059 antistropha
2430 3973 2612 4038 addit
2642 3973 2763 4061 ἄρα
2780 4025 2801 4055 ,

635 4112 854 4155 versus
898 4088 990 4154 sic
1033 4088 1414 4174 disponens:
