3107 5359
291 1470 380 1536 V.
429 1469 674 1536 1—153
718 1473 1249 1559 (Schneidewin).
1339 1475 1644 1541 Trimetri
1700 1475 1962 1540 iambici
2005 1475 2434 1542 acatalectici:

286 1808 705 1895 Singulorum
771 1813 1012 1897 pedum
1063 1823 1315 1897 praeter
1381 1811 1598 1876 ultimi
1664 1835 1836 1878 arses
1903 1812 2065 1878 solvi
2130 1823 2400 1898 possunt
2416 1860 2438 1890 ,

287 1922 463 1983 unde
508 1921 873 1986 tribrachus
916 1923 945 2004 (
991 1949 1049 1980 υ
1092 1922 1155 1979 ψ
1198 1948 1255 1980 υ
1301 1923 1331 2005 )
1372 1922 1445 1986 in
1488 1923 1774 2008 quinque
1817 1923 2134 2009 prioribus
2178 1923 2438 1988 sedibus

285 2032 686 2112 admittitur,
732 2034 1024 2120 dactylus
1069 2035 1190 2116 (-
1230 2033 1293 2089 ψ
1337 2035 1453 2116 υ)
1499 2033 1570 2097 in
1613 2034 1857 2119 prima,
1903 2035 2128 2114 tertia,
2173 2034 2401 2120 quinta
2418 2058 2438 2110 3

281 2141 503 2226 itaque
546 2144 931 2231 intelligitur
948 2193 969 2222 ,
1011 2145 1254 2231 primae
1298 2157 1365 2209 et
1407 2147 1727 2210 secundae
1773 2146 2070 2232 dipodiae
2101 2146 2270 2210 hanc
2298 2166 2436 2209 esse

280 2255 589 2321 formam:

462 2396 1099 2486 Ἀκῗεῖιυῶὶ.

285 2573 512 2640 teitiae
559 2604 617 2643 ει
665 2575 786 2651 ἐς,
834 2598 892 2631 υ
931 2609 995 2622 -

376 2683 437 2751 1.
520 2690 926 2771 Anapaestus
993 2685 1064 2749 in
1123 2685 1442 2770 prioribus
1499 2686 1788 2771 quinque
1834 2685 2094 2750 sedibus
2138 2706 2272 2749 non
2318 2684 2430 2748 ad-

282 2800 565 2864 mittitur
620 2798 750 2862 nisi
817 2798 887 2861 in
947 2796 1318 2862 nominibus
1383 2798 1657 2883 propriis
1724 2797 1911 2861 aliter
1977 2807 2256 2860 metrum
2304 2818 2434 2859 non

283 2909 800 2999 ingredientibus
815 2934 835 2986 3
903 2909 974 2973 in
1017 2909 1276 2974 nomine
1321 2908 1709 2995 appellativo
1753 2920 2047 2986 tantum,
2114 2909 2169 2972 si
2214 2930 2434 2973 versus

282 3025 470 3090 initio
556 3023 842 3108 positum
922 3035 1060 3087 est:
1149 3026 1419 3106 ποταμοὶ
1491 3022 1699 3108 πυρὸς
1772 3018 2114 3096 δάπτοντες
2186 3020 2438 3108 ἀγρίαις

285 3135 554 3224 γνάθοις
599 3135 915 3218 (Aesch.).
1518 3207 1522 3214 Ι

369 3244 432 3311 2.
528 3248 804 3312 Casama
846 3246 1222 3331 plerumque
1267 3259 1366 3311 est
1411 3257 1561 3311 ante
1608 3246 1866 3311 tertiam
1910 3246 2128 3311 arsin:

582 3382 736 3472 ἰ’χνη
778 3383 856 3449 τὰ
899 3387 1104 3449 κείνου
1164 3384 1176 3467 Ι
1237 3382 1627 3471 νεοχάραχθ’
1673 3387 1850 3459 ὅπως
1890 3380 2032 3470 ἴδῃς
2056 3431 2076 3461 ,

615 3502 863 3554 ---ὐ
912 3534 977 3545 -
1031 3495 1170 3580 -Ι
1251 3497 1879 3555 φυυ-ου-ἑυ-

288 3686 399 3740 aut
442 3686 783 3762 quartam:
828 3673 1024 3740 πάλαι
1069 3682 1527 3762 κυνηγετοῦντα
1586 3672 1597 3757 Ι
1659 3679 1754 3739 καὶ
1797 3677 2238 3760 μετρούμενον.

953 3791 1532 3846 υ-ὐ-υ-ίυ
1591 3785 2066 3867 1-υ-ὐ-

370 3922 430 3991 5.
529 3925 755 3996 Quinti
800 3925 989 4011 pedis
1041 3925 1229 4010 prior
1298 3925 1541 4011 syllaba
1601 3925 1657 3987 si
1716 3925 1907 4010 longa
1964 3937 2098 4001 est,
2165 3878 2294 3985 non
2339 3930 2435 3986 est

288 4037 500 4102 finalis
545 4040 717 4104 vocis
760 4038 1226 4125 polysyllabae:

533 4213 806 4301 ’Ἄνδρες
848 4215 1024 4302 φίλοι
1068 4217 1141 4281 τὸ
1186 4221 1441 4302 πρῶτον
1483 4215 1810 4303 α’γγεῖλαι
1853 4214 2023 4280 θέλω
2072 4250 2152 4260 -·

545 4332 876 4410 Ξῦναιμον
919 4327 1426 4407 ἀποκαλοῦντες,
1473 4330 1563 4404 ὡς
1616 4330 1761 4394 οὐκ
1801 4329 2049 4415 α’ρκέσοι
2089 4362 2175 4377 --

547 4443 806 4505 Πῖπτειν
846 4437 1137 4527 βαρείαις
1179 4441 1345 4526 πρὸς
1387 4443 1552 4507 θεῶν
1597 4437 2042 4524 ὃυςπραξίαις
2068 4483 2084 4509 ‚

1967 4547 1998 4610 1
