3107 5359
1122 1769 1205 1845 L.
1257 1771 1328 1845 S.

245 2691 460 2768 Quum
506 2693 573 2755 in
618 2693 1078 2775 interpretanda
1118 2696 1303 2759 Aiace
1346 2693 1572 2756 librum
1615 2692 2019 2773 requirerem,
2067 2692 2136 2752 in
2182 2708 2305 2772 quo

147 2836 353 2892 metra
417 2829 670 2909 plenius
737 2830 1041 2912 descripta
1105 2838 1299 2895 essent
1341 2849 1530 2912 quam
1576 2831 1647 2891 iu
1692 2826 2137 2892 Schneidewini
2182 2827 2305 2890 edi-

140 2968 341 3046 tione,
419 2984 549 3048 qua
620 2966 900 3048 plerique
970 2974 1271 3046 utuntur,
1346 2966 1663 3048 Dindorfii
1733 2970 1938 3027 autem
2014 2961 2161 3025 liber
2236 2961 2306 3025 de

138 3102 361 3166 metris
428 3119 556 3164 non
617 3103 687 3164 in
756 3102 1033 3164 omnium
1099 3101 1383 3165 manibus
1443 3107 1627 3178 esset,
1698 3118 1890 3182 neque
1952 3098 2306 3163 Hei-manui

138 3239 545 3319 aliorumque
611 3254 795 3316 opera
861 3235 1166 3316 ampliora
1210 3234 1422 3298 usibus
1466 3236 1616 3297 meis
1660 3235 2082 3316 satisfacerent
2105 3284 2119 3312 ‚
2180 3238 2309 3316 ipse

144 3390 414 3436 manum
488 3373 659 3452 operi
730 3368 992 3434 admovi.
1080 3370 1259 3434 Illud
1322 3371 1654 3451 praecipue
1728 3369 1978 3447 studui,
2052 3379 2122 3434 ut
2198 3374 2308 3454 qui

145 3503 437 3586 fabulam
499 3502 895 3585 Sophocleum
961 3504 1255 3585 leqerent,
1323 3506 1431 3569 etsi
1496 3523 1624 3567 non
1689 3508 1965 3569 omnium
2011 3525 2306 3571 versuum

147 3642 414 3704 nomina
506 3649 817 3718 tenerent,
905 3651 1109 3706 tamen
1204 3643 1346 3707 bene
1431 3651 1682 3725 possent
1750 3652 1962 3725 partes
2032 3643 2308 3707 choricas

138 3778 425 3846 recitare.
521 3775 617 3839 De
683 3776 1046 3857 vulqaribus
1110 3780 1322 3842 metris
1381 3778 1553 3855 dedi,
1620 3796 1778 3860 quae
1822 3780 1975 3841 scire
2022 3780 2296 3843 tironum

139 3916 424 3978 maxime
525 3916 795 3977 interest.
902 3913 953 3977 A
1029 3912 1475 3977 Schneidewini
1547 3922 1750 3978 autem
1818 3915 2168 3977 recensione
2237 3931 2307 3976 ac

136 4050 552 4133 descriptione
650 4053 785 4112 sine
877 4052 1225 4114 necessitate
1318 4068 1442 4112 non
1533 4052 1790 4128 recessi,
1894 4050 1998 4114 ubi
2098 4058 2303 4114 tamen

130 4190 385 4271 requiri
429 4185 781 4261 videbatur,
828 4185 1174 4248 brevissime
1216 4202 1436 4249 causas
1481 4186 1708 4250 addidi.

244 4326 365 4389 Vix
420 4341 577 4406 opus
638 4332 726 4387 est
793 4340 1069 4396 monere,
1139 4325 1298 4387 han-c
1364 4340 1613 4403 operam
1682 4341 1811 4385 non
1866 4330 2118 4403 propter
2164 4323 2303 4404 phi-

21 4501 24 4552 ἶ
135 4463 370 4542 loloqos
438 4470 680 4524 nostros
728 4476 851 4522 esse
893 4468 1233 4540 susceptam
1253 4480 1277 4532 ‚·
1344 4478 1723 4541 quamquam
1767 4461 1837 4522 in
1880 4460 2073 4522 simili
2116 4478 2305 4540 arqu-
