3107 5359
1376 367 1419 438 5

313 623 458 665 nam
504 600 798 686 dactylus
843 600 911 663 in
957 600 1165 684 prima
1208 601 1374 702 sede*
1394 599 1601 668 rarior
1643 609 1762 663 est.

402 712 852 777 Paroemiacus
917 713 1217 776 ultimam
1285 712 1598 797 syllabam
1643 712 1837 775 habet
1881 710 2231 796 ancipitem
2252 762 2270 788 ‚
2338 733 2464 774 non

308 826 462 890 item
526 826 787 889 dimetri
853 824 1287 901 acatalectici‚
1361 825 1473 908 qui
1541 825 1680 888 sine
1746 845 1947 909 pausa
1990 823 2060 886 in
2108 835 2460 909 systemata

308 938 815 1022 coniunguntur.

401 1048 483 1112 V.
536 1045 885 1112 172—200.
974 1047 1269 1111 Primum
1313 1047 1487 1112 chori
1533 1048 1859 1112 canticum
1904 1071 2051 1113 cum
2097 1049 2461 1133 anapaestis

303 1161 668 1246 praemissis
741 1157 1026 1247 πάροδος
1098 1173 1383 1225 vocatur.
1470 1160 1689 1245 ⁴Igitur
1753 1163 1929 1245 quod
1994 1163 2285 1246 sequitur
2329 1183 2466 1225 car-

304 1295 451 1336 men
478 1321 496 1351 ,
563 1272 619 1336 si
687 1286 981 1336 accurate
1048 1272 1226 1355 loqui
1294 1271 1567 1336 velimus
1593 1321 1614 1351 ‚
1681 1285 1779 1336 est
1836 1295 1983 1357 pars
2027 1273 2273 1357 parodi.
2364 1274 2465 1336 De

305 1383 766 1470 compositione
812 1396 1030 1447 autem
1075 1405 1376 1447 versuum
1421 1384 1762 1470 lyricorum
1795 1385 1953 1449 haec
1986 1388 2266 1450 tenenda
2295 1396 2471 1448 sunt.

391 1495 594 1560 Pedes
661 1518 863 1580 quum
907 1495 1392 1579 coniunguntur
1416 1543 1436 1573 ,
1502 1496 1747 1581 singuli
1792 1497 1964 1560 arsin
2008 1497 2252 1561 habent
2263 1519 2292 1572 ·;
2339 1518 2472 1559 una

306 1619 521 1672 tamen
566 1621 666 1672 est
710 1606 977 1691 reliquis
1020 1608 1242 1671 fortior
1260 1656 1280 1685 ‚
1323 1627 1489 1692 quae
1532 1607 1728 1686 facit,
1773 1621 1848 1672 ut
1891 1610 2085 1693 pedes
2129 1609 2229 1672 illi
2260 1629 2467 1671 unum

306 1734 371 1781 et
412 1718 929 1783 indissolubilem
975 1719 1254 1781 ordinem
1299 1718 1601 1782 efficiant.
1693 1718 1826 1782 Ubi
1870 1740 1982 1803 pes
2028 1718 2202 1782 idem
2235 1716 2470 1781 identi-

308 1832 450 1894 dem
494 1832 844 1916 repetitur,
892 1829 1098 1915 prima
1127 1829 1284 1893 arsis
1315 1829 1663 1902 fortissima
1692 1845 1826 1906 est3
1872 1831 1975 1893 sin
2006 1830 2242 1893 diversi
2272 1831 2469 1914 pedes

307 1954 780 2028 componuntur
798 1989 818 2019 ,
892 1941 1033 2005 fieri
1107 1950 1358 2025 potest,
1433 1953 1508 2005 ut
1585 1941 1748 2004 alter
1821 1942 1924 2005 vel
1969 1942 2197 2005 tertius
2242 1941 2473 2006 validi-

309 2077 480 2118 orem
549 2056 789 2119 habeat
855 2053 1104 2128 ictum3
1174 2051 1376 2115 veluti
1421 2073 1622 2140 quum
1670 2053 2004 2116 trochaeus
2056 2051 2473 2138 praeponitur

309 2166 596 2251 dactylo,
641 2174 906 2248 apparet
924 2211 945 2241 ‚
1019 2162 1385 2245 posterioris
1462 2162 1635 2226 arsin
1708 2164 1946 2228 maiore
2011 2186 2159 2227 cum
2223 2163 2286 2227 vi
2330 2186 2470 2248 pro-

310 2276 607 2340 nunciari
623 2322 645 2353 ,
716 2275 890 2359 quod
951 2272 1244 2362 opposita
1307 2287 1405 2335 est
1467 2272 1637 2336 thesi
1700 2273 1978 2337 duarum
2038 2274 2429 2359 syllabarum
2452 2322 2472 2352 ,

312 2411 512 2472 quum
583 2386 918 2474 trochaeus
990 2385 1226 2448 habeat
1295 2384 1509 2448 thesin
1574 2385 1768 2449 unius
1835 2397 2092 2450 tantum
2158 2386 2468 2472 syllabae.

313 2497 639 2563 Teneatur
710 2496 910 2581 igitur
937 2544 958 2573 ,
1029 2496 1100 2558 in
1172 2495 1446 2579 singulis
1511 2497 1844 2562 ordinibus
1913 2521 2057 2562 eam
2117 2499 2292 2563 arsin
2336 2522 2473 2563 esse

313 2609 683 2697 primariam
708 2656 728 2687 ,
817 2629 1012 2692 quam
1086 2606 1370 2669 maxima
1447 2608 1648 2671 thesis
1721 2609 2083 2674 comitetur.
2193 2610 2474 2675 Necesse

312 2723 512 2808 igitur
557 2743 689 2784 non
732 2718 933 2783 habui
978 2719 1349 2803 primariam
1393 2720 1568 2784 arsin
1610 2706 1923 2806 peculiari
1968 2723 2153 2807 signo
2197 2734 2421 2787 notare
2448 2770 2468 2800 ,

313 2834 422 2897 sed
467 2855 574 2897 eas
619 2832 1065 2895 distinctiones
1110 2847 1537 2916 accentusque
1581 2836 1932 2919 usurpavi,
1990 2857 2156 2919 quae
2200 2835 2271 2899 in
2316 2835 2474 2899 reci—

311 2947 503 3012 tando
546 2944 828 3009 maxime
873 2943 1122 3008 iuvent.

393 3059 573 3123 Ante
643 3057 897 3121 ordines
959 3078 1147 3141 saepe
1207 3067 1304 3120 est
1349 3057 1677 3120 anacrusis
1722 3057 1949 3136 (unius
1996 3058 2307 3144 syllabae)
2361 3066 2476 3120 aut

309 3171 477 3234 basis
525 3168 926 3255 (disyllaba).
1017 3168 1330 3233 Efficiunt
1378 3168 1834 3253 »praeludium
1878 3171 2203 3255 quoddam
2235 3180 2302 3233 et
2333 3181 2477 3232 ten-

313 3296 726 3348 »tamentum
772 3281 1027 3345 numeri
1071 3282 1373 3366 deinceps
1418 3282 1767 3346 secuturi.'’
1835 3280 2162 3366 Utraque,
2206 3292 2272 3345 et
2301 3284 2472 3347 basis

310 3405 373 3458 et
417 3396 783 3473 anacrusis,
825 3395 897 3458 in
941 3395 1271 3458 recitando
1316 3417 1355 3457 a
1399 3394 1647 3479 reliqua
1691 3417 1910 3458 versus
1958 3408 2141 3480 parte
2194 3395 2476 3479 separari

311 3509 588 3585 debent3
622 3509 879 3572 'habent
922 3508 1097 3570 enim
1145 3529 1336 3570 suum
1379 3506 1768 3591 peculiarem
1813 3507 2036 3571 ictum.
2124 3506 2479 3571 Anacrusis

312 3622 379 3685 in
432 3620 861 3703 descriptione
922 3630 1142 3682 nostra
1199 3631 1351 3682 ante
1425 3641 1647 3683 versus
1721 3619 1930 3703 posita
1998 3631 2141 3695 est3
2202 3621 2371 3683 basis
2441 3644 2480 3684 a

310 3732 573 3816 reliquis
615 3731 792 3794 linea
837 3741 1198 3794 transversa
1243 3741 1555 3815 separata.

414 3845 650 3907 Versus
696 3842 940 3927 singuli
987 3866 1193 3907 unum
1237 3843 1575 3907 continent
1608 3841 1709 3906 vel
1739 3842 1954 3925 plures
1988 3843 2288 3918 ordines;
2333 3842 2482 3906 illos

313 3955 636 4043 simplices
665 4005 683 4032 ,
744 3956 859 4018 hos
916 3956 1298 4039 compositos
1364 3955 1576 4017 dicere
1619 3976 1979 4038 possumus.
2069 3954 2486 4023 Recentiores

315 4081 535 4132 autem
580 4069 831 4132 metrici
883 4069 1256 4153 saepissime
1298 4068 1513 4153 plures
1543 4068 1800 4132 ordines
1831 4069 2313 4133 coniunxerunt
2343 4092 2488 4154 par-

315 4182 434 4245 tim
501 4205 583 4246 ne
628 4183 939 4246 vocabula
983 4182 1150 4245 male
1197 4182 1641 4245 dividerentur
1666 4229 1684 4259 ‚
1745 4180 1981 4265 partim
2029 4194 2288 4265 propter
2333 4204 2487 4246 con-

316 4293 710 4358 venientiam
754 4296 963 4358 metri.
1056 4293 1152 4356 Hi
1202 4293 1540 4378 compositi
1598 4315 1818 4358 versus
1850 4315 1976 4356 non
2009 4292 2252 4357 habent
2284 4316 2491 4358 unum

311 4407 518 4470 ictum
572 4407 991 4491 primarium,
1043 4408 1157 4471 sed
1210 4420 1305 4471 tot
1347 4408 1478 4470 fere
1525 4407 1822 4492 aequales
1867 4407 2035 4470 ictus
2061 4455 2081 4484 ‚
2135 4420 2293 4490 quot
2334 4416 2492 4473 sunt

315 4519 594 4584 ordines.

2034 4633 2123 4696 1.
