3107 5359
1321 387 1408 455 29

550 608 870 680 ’Έλλασιν
958 616 1174 682 κοινὸν
1207 615 1376 703 ’Ἄρη
1423 653 1506 664 -··

559 723 666 789 Ἰὼ
708 729 798 790 πό
849 753 985 792 ,νοι
1028 731 1347 814 πρόγονοι
1388 732 1613 796 πόνων
1656 765 1743 777 -

286 830 344 898 5.
393 844 505 902 Κεῖ
548 865 666 912 νος
709 841 837 925 γὰρ
883 840 1141 926 ἔπερσεν
1185 842 1266 907 α’ν
1354 844 1679 928 θρώπους.

371 978 498 1041 Str.
547 999 605 1041 V.
651 973 711 1040 2.
802 974 1176 1063 δουρυσόων
1219 1001 1333 1064 pro
1377 976 1865 1066 ὃορυσσοήτων,
1911 984 2081 1067 quod
2118 1005 2201 1047 ex
2246 984 2440 1050 Laut.

290 1089 694 1154 adsciverunt
762 1088 963 1154 Dind.
1011 1102 1076 1154 et
1121 1091 1231 1156 Sn.
1320 1093 1449 1157 Sed
1495 1089 1855 1178 δορυσσόης
1897 1118 2201 1180 umquam
2247 1096 2440 1160 exsti-

292 1203 437 1267 tisse
456 1252 477 1282 ‚
553 1224 683 1266 non
753 1213 850 1266 est
914 1204 1276 1287 probatum.
1367 1204 1599 1270 Obstat
1660 1207 1957 1291 analogia
1980 1257 2000 1287 ‚
2044 1229 2163 1271 nec
2208 1208 2445 1272 adsunt

291 1314 587 1399 exempla
631 1314 821 1397 (Eur.
870 1315 1135 1379 Heracl.
1167 1339 1225 1380 v.
1257 1312 1374 1379 781
1408 1328 1506 1380 est
1535 1329 1905 1402 corruptu83
1951 1319 2122 1402 apud
2157 1319 2440 1406 Hesych.

293 1448 405 1511 pro
463 1429 859 1510 ἐσσοημένως
913 1426 1039 1510 leg.
1085 1430 1528 1512 ἐπτοημένως).
1619 1428 1797 1493 Illud
1841 1458 2033 1506 -ητων
2076 1432 2273 1496 finale
2317 1434 2440 1496 for-

297 1549 459 1602 tasse
525 1533 934 1624 διττογραφία
998 1549 1094 1601 est
1160 1562 1220 1602 v·
1284 1538 1830 1626 πολοπλιῗγκτωντ
1905 1542 2441 1620 πολυπλανὴτων.

300 1654 665 1735 Δορΰσοος,
694 1672 809 1734 per
839 1673 1039 1714 unum
1073 1680 1114 1716 σ
1134 1652 1473 1736 scriptum,
1503 1665 1715 1717 exstat
1741 1653 1974 1717 Aesch.
2000 1656 2178 1741 Sept.
2208 1653 2443 1720 117.—

297 1760 364 1824 V.
412 1758 476 1824 4.
556 1760 759 1826 Ἀταν
802 1762 920 1829 ἄν’.
1012 1761 1232 1828 Libri:
1278 1764 1399 1829 ἀνὰ
1429 1762 1567 1829 τάν.
1600 1801 1686 1812 -
1721 1763 1997 1852 Εὐρυεὸῆ
2029 1772 2265 1852 Τροίαν
2298 1790 2443 1851 pro-

297 1872 441 1955 pius
486 1871 732 1936 accedit
779 1875 862 1937 ad
905 1874 1209 1939 librorum
1252 1876 1593 1940 lectionem
1639 1874 1907 1961 (εὖρώδη
1952 1884 2217 1964 Τροίαν)
2252 1900 2445 1964 quam

299 1985 468 2068 quod
515 1984 693 2049 dedit
737 1985 895 2050 Sn.:
943 1983 1211 2071 εὖρώὃεα
1256 1983 1525 2072 Τρωΐαν.
1590 1985 1928 2053 Praeterea
1973 1987 2222 2075 Τρωΐαν
2274 1990 2447 2076 apud

300 2096 546 2161 Atticos
590 2097 976 2162 adiectivum
1020 2109 1158 2174 est·;
1201 2098 1427 2163 Aesch.
1480 2098 1769 2183 Choeph.
1813 2095 1979 2165 558:
2030 2102 2154 2167 ὑπὸ
2201 2099 2450 2188 Τρωΐας

300 2214 529 2297 τείχεσι
590 2210 816 2274 Herm.
882 2221 1052 2275 recte
1110 2212 1479 2275 emendasse
1523 2210 1779 2275 videtur
1824 2207 2112 2297 Τρωΐοις.
2160 2248 2243 2259 -
2291 2213 2446 2277 Aut.

299 2343 359 2386 v.
404 2318 448 2383 2
492 2318 688 2397 δεῖξεν
733 2343 849 2407 pro
893 2319 1116 2398 ἔδειξεν
1159 2334 1417 2408 propter
1459 2335 1736 2388 metrum
1780 2322 2099 2409 strophae.

1258 2501 1388 2566 Str.
1430 2497 1492 2566 2.

530 2639 813 2714 Ἐκεῖνος
897 2637 976 2703 οὗ
1023 2635 1347 2725 στεφάνων

529 2748 687 2815 Οὔτε
729 2747 922 2836 βαθει
1010 2753 1090 2815 ἂν
1134 2748 1405 2816 κυλίκων
1492 2757 1695 2833 νεῖμεν
1725 2753 1857 2833 ἐμοὶ
1927 2752 2145 2835 τέρψιν
2176 2750 2450 2835 ὁμιλεῖν.

386 2858 480 2927 Οὔ
523 2871 586 2927 τέ
629 2860 875 2948 γλυκὺν
919 2861 998 2927 αὖ
1044 2859 1182 2928 λῶν
1227 2859 1476 2948 ὄτοβον
1565 2858 1883 2948 δῦςμορος
1927 2859 2061 2926 οὔτ’
2150 2864 2454 2951 ἐννυχίαν

528 2973 828 3058 Ἐρώτων
873 2970 927 3039 δ’
1876 2975 2108 3058 (τέρψιν
2153 2978 2365 3043 ἰαύειν.

296 3079 358 3148 5.
526 3086 692 3171 Ἐρώ
779 3114 908 3152 των
952 3085 1307 3151 ἀπέπαυσεν
1352 3086 1526 3169 ὤμοι.

371 3203 485 3262 Κεῖ
525 3225 633 3281 μαι
678 3193 732 3263 δ’
779 3196 1118 3282 α’μέριμνος
1162 3196 1402 3274 οὕτως,

370 3308 449 3374 Ἀ
533 3312 582 3374 εὶ
627 3317 914 3385 πυκιναῖς
958 3304 1220 3393 δρόσοις

528 3425 932 3510 Τεγγόμενος
976 3423 1209 3507 κόμας,
1297 3422 1550 3510 λυγρᾶς
1591 3425 1876 3506 μνήματα
1921 3426 2176 3508 Τροίας.

1258 3597 1420 3664 Ant.
1469 3593 1531 3661 2.

528 3740 651 3801 Καὶ
695 3739 849 3821 πρὶν
889 3739 1004 3819 μὲν
1091 3736 1388 3822 ἔννυχίου

532 3851 843 3932 Δείματος
885 3850 965 3924 ἦν
1026 3875 1132 3931 μοι
1160 3846 1471 3934 προβολᾶ
1537 3851 1633 3913 καὶ
1661 3843 1913 3932 βελέων
1977 3849 2243 3933 θούριος
2272 3846 2456 3925 Αἴας.

346 3967 487 4027 Νῦν
531 3957 587 4027 δ’
638 3961 830 4037 οὗτος
885 3962 1020 4026 ἇνεῖ
1110 3988 1209 4027 ται
1263 3965 1546 4046 στυγερῷ
1650 3956 1919 4042 δαίμονι.
1964 3964 2064 4035 τίς
2148 3987 2298 4043 μοι,
2358 3967 2454 4038 τίς

532 4075 845 4156 Γενοίμαν
1509 4070 1622 4153 (ἔτ’
1669 4069 1788 4135 οὖν
1868 4072 2084 4155 τέρψις
2126 4072 2415 4147 ἔπέσταιῐ

302 4177 364 4247 5.
523 4182 642 4249 'lv’
692 4185 727 4248 ὖ
817 4182 972 4248 λᾶεν
1017 4182 1219 4248 ἔπεστι
1263 4161 1506 4248 πόντου

351 4296 495 4380 Πρό
537 4292 741 4382 βλημ’
790 4293 1212 4376 ἇλίκλυστον,
1258 4293 1459 4380 ἄκραν

347 4405 423 4473 Ὗ
540 4407 628 4472 πὸ
671 4403 883 4471 πλάκα
930 4408 1250 4485 Σουνίου,

539 4517 670 4595 Τὰς
714 4518 887 4604 ἱερὰς
932 4519 1112 4594 ὅπως
1197 4520 1639 4602 προςείποιμεν
1680 4514 1982 4592 Ἀθάνας.
